@article{Leydesdorff2014Interdisciplinarity,
  title={Interdisciplinarity at the Journal and Specialty Level: The changing knowledge bases of the journal Cognitive Science},
  author={Leydesdorff, Loet and Goldstone, Robert L.},
  journal={Journal of the Association for Information Science & Technology},
  volume={65},
  number={1},
  pages={164-177},
  year={2014},
}

@article{Fildes2006The,
  title={The forecasting journals and their contribution to forecasting research: Citation analysis and expert opinion},
  author={Fildes, Robert},
  journal={International Journal of Forecasting},
  volume={22},
  number={3},
  pages={415-432},
  year={2006},
}

@article{Merigó2015A,
  title={A bibliometric overview of the Journal of Business Research between 1973 and 2014},
  author={Merigó, José M. and Mas-Tur, Alicia and Roig-Tierno, Norat and Ribeiro-Soriano, Domingo},
  journal={Journal of Business Research},
  volume={68},
  number={12},
  pages={2645-2653},
  year={2015},
}

@article{Calma2016A,
  title={Academy of management journal, 1958–2014: a citation analysis},
  author={Calma, Angelito and Davies, Martin},
  journal={Scientometrics},
  volume={108},
  number={2},
  pages={959-975},
  year={2016},
}

@article{Crone2011Advances,
  title={Advances in forecasting with neural networks? Empirical evidence from the NN3 competition on time series prediction},
  author={Crone, Sven F. and Hibon, Michèle and Nikolopoulos, Konstantinos},
  journal={International Journal of Forecasting},
  volume={27},
  number={3},
  pages={635-660},
  year={2011},
}

@article{Wichaisri2018Trends,
  title={Trends and Future Directions in Sustainable Development},
  author={Wichaisri, Sooksiri and Sopadang, Apichat},
  journal={Sustainable Development},
  volume={26},
  number={1},
  pages={1-17},
  year={2018},
}

@article{Yu2015A,
  title={A scientometrics review on aggregation operator research},
  author={Yu, Dejian},
  journal={Scientometrics},
  volume={105},
  number={1},
  pages={115-133},
  year={2015},
}


@article{Yu2015Researching,
  title={Researching the development of Atanassov intuitionistic fuzzy set: Using a citation network analysis},
  author={Yu, Dejian and Shi, Shunshun},
  ournal={Applied Soft Computing},
  volume={32},
  pages={189-198},
  year={2015},
}


@article{Yu2017Information,
  title={Information Sciences 1968-2016: A retrospective analysis with text mining and bibliometric},
  author={Yu, Dejian and Xu, Zeshui and Pedrycz, Witold and Wang, Wanru},
  journal={Information Sciences},
  volume={418},
  pages={2727-2736},
  year={2017},
}

@article{Shi2018Does,
  title={Does prestige dimension influence the interdisciplinary performance of scientific entities in knowledge flow? Evidence from the e-government field},
  author={Shi, Shunshun and Zhang, Wenyu and Zhang, Shuai and Chen, Jie},
  journal={Scientometrics},
  volume={117},
  number={2},
  pages={1237-1264},
  year={2018},
}

@article{Porter1985An,
  title={An indicator of cross-disciplinary research},
  author={Porter, A. L. and Chubin, D. E.},
  journal={Scientometrics},
  volume={8},
  number={3-4},
  pages={161-176},
  year={1985},
}

@article{Hyndman2006Another,
  title={Another look at measures of forecast accuracy},
  author={Hyndman, Rob J. and Koehler, Anne B.},
  journal={International Journal of Forecasting},
  volume={22},
  number={4},
  pages={679-688},
  year={2006},
}

@article{Harvey1997Testing,
  title={Testing the equality of prediction mean squared errors},
  author={Harvey, David and Leybourne, Stephen and Newbold, Paul},
  journal={International Journal of Forecasting},
  volume={13},
  number={2},
  pages={281-291},
  year={1997},
}

@article{Zhang1998,
  title={Forecasting with artificial neural networks: The state of the art},
  author={Zhang and Patuwo, B. Eddy and Hu, Michael Y.},
  journal={International Journal of Forecasting},
  volume={14},
  number={1},
  pages={35-62},
  year={1998},
}

@article{Rowe1999The,
  title={The Delphi technique as a forecasting tool: issues and analysis},
  author={Rowe, G. and Wright, G.},
  journal={International Journal of Forecasting},
  volume={15},
  number={4},
  pages={353-375},
  year={1999},
}

@article{Makridakis2000The,
  title={The M3-Competition: results, conclusions and implications},
  author={Makridakis, Spyros and Hibon, Michèle},
  journal={International Journal of Forecasting},
  volume={16},
  number={4},
  pages={451-476},
  year={2000},
}

@article{Clemen1989Combining,
  title={Combining forecasts: A review and annotated bibliography},
  author={Clemen, Robert T.},
  journal={International Journal of Forecasting},
  volume={5},
  number={4},
  pages={559-583},
  year={1989},
}

@article{Gooijer200625,
  title={25 years of time series forecasting},
  author={Gooijer, Jan G. De and Hyndman, Rob J.},
  journal={Monash Econometrics & Business Statistics Working Papers},
  volume={22},
  number={3},
  pages={443-473},
  year={2006},
}

@article{Timmermann2006,
  title={Forecast Combinations},
  author={Timmermann, Allan},
  journal={Handbook of economic forecasting},
  volume={1},
  pages={135–196},
  year={2006},
}

@article{Giannone2008,
  title={Nowcasting: The real-time informational content of macroeconomic data},
  author={Giannone, Domenico and Reichlin, Lucrezia and Small, David},
  journal={Journal of Monetary Economics},
  volume={55},
  number={4},
  pages={665-676},
  year={2008},
}

@article{Hong2016,
  title={Probabilistic energy forecasting: Global Energy Forecasting Competition 2014 and beyond},
  author={Hong, Tao and Pinson, Pierre and Fan, Shu and Zareipour, Hamidreza and Troccoli, Alberto and Hyndman, Rob J.},
  journal={International Journal of Forecasting},
  volume={32},
  number={3},
  pages={896-913},
  year={2016},
}

@article{Hong2014,
  title={Global Energy Forecasting Competition 2012},
  author={Hong, Tao and Pinson, Pierre and Fan, Shu},
  journal={International Journal of Forecasting},
  volume={30},
  number={2},
  pages={357-363},
  year={2014},
}

@article{Fildes2009,
  title={Effective forecasting and judgmental adjustments: an empirical evaluation and strategies for improvement in supply-chain planning},
  author={Fildes, Robert and Goodwin, Paul and Lawrence, Michael and Nikolopoulos, Konstantinos},
  journal={International Journal of Forecasting},
  volume={25},
  number={1},
  pages={3-23},
  year={2009},
}

@article{Freeman1977,
  title={A Set of Measures of Centrality Based on Betweenness},
  author={Freeman, Linton C.},
  journal={Sociometry},
  volume={40},
  number={1},
  pages={35-41},
  year={1977},
}

@article{Kleinberg2003,
  title={Bursty and hierarchical structure in streams},
  author={Kleinberg, J.},
  journal={Data Mining and Knowledge Discovery},
  volume={7},
  number={4},
  pages={373-397},
  year={2003},
}

@article{Armstrong1992,
  title={Error measures for generalizing about forecasting methods: Empirical comparisons ☆},
  author={Armstrong, J. Scott and Collopy, Fred},
  journal={International Journal of Forecasting},
  volume={8},
  number={1},
  pages={69-80},
  year={1992},
}

@article{Brown1993,
  title = "Earnings forecasting research: its implications for capital markets research",
  author = "Brown, Lawrence D.",
  journal = "International Journal of Forecasting",
  volume = "9",
  number = "3",
  pages = "331--335",
  year = "1993",
}

@article{Darbellay2000,
  title={Forecasting the short-term demand for electricity : Do neural networks stand a better chance?},
  author={Darbellay, Georges A. and Slama, Marek},
  journal={International Journal of Forecasting},
  volume={16},
  number={1},
  pages={71-83},
  year={2000},
}

@article{Taylor2006,
  title={A comparison of univariate methods for forecasting electricity demand up to a day ahead},
  author={Taylor, James W. and Menezes, Lilian M. De and Mcsharry, Patrick E.},
  journal={International Journal of Forecasting},
  volume={22},
  number={1},
  pages={1-16},
  year={2006},
}

@article{Thomas2000A,
  title={A survey of credit and behavioural scoring: forecasting financial risk of lending to consumers},
  author={Thomas, Lyn C.},
  journal={International Journal of Forecasting},
  volume={16},
  number={2},
  pages={149-172},
  year={2000},
}

@article{Eck2009How,
  title={How to normalize cooccurrence data? An analysis of some well-known similarity measures},
  author={Eck, Nees Jan Van and Waltman, Ludo},
  journal={Journal of the American Society for information Science and Technology},
  volume={60},
  number={8},
  pages={1635–1651},
  year={2009},
}

@article{Meade2006Modelling,
  title={Modelling and forecasting the diffusion of innovation – A 25-year review},
  author={Meade, Nigel and Islam, Towhidul},
  journal={International Journal of Forecasting},
  volume={22},
  number={3},
  pages={519-545},
  year={2006},
}

@article{Makridakis1993Accuracy,
  title={Accuracy measures: theoretical and practical concerns ☆},
  author={Makridakis, Spyros},
  journal={International Journal of Forecasting},
  volume={9},
  number={4},
  pages={527-529},
  year={1993},
}

@article{Lawrence2006Judgmental,
  title={Judgmental forecasting: A review of progress over the last 25 years},
  author={Lawrence, Michael and Goodwin, Paul and O'Connor, Marcus and ?nkal, Dilek},
  journal={International Journal of Forecasting},
  volume={22},
  number={3},
  pages={493-518},
  year={2006},
}

@article{Soll2011Judgmental,
  title={Judgmental aggregation strategies depend on whether the self is involved},
  author={Soll, Jack B. and Mannes, Albert E.},
  journal={International Journal of Forecasting},
  volume={27},
  number={1},
  pages={81-102},
  year={2011},
}

@article{Giacomini2006,
  title={Tests of Conditional Predictive Ability},
  author={Giacomini, Raffaella. and White, Halbert.},
  journal={Econometrica},
  volume={74},
  number={6},
  pages={1545-1578},
  year={2006},
}

@article{Witt1995Forecasting,
  title={Forecasting tourism demand: A review of empirical research},
  author={Witt, Stephen F. and Witt, Christine A.},
  journal={International Journal of Forecasting},
  volume={11},
  number={3},
  pages={447-475},
  year={1995},
}

@article{Weron2014Electricity,
  title={Electricity price forecasting: A review of the state-of-the-art with a look into the future},
  author={Weron, Rafał},
  journal={International Journal of Forecasting},
  volume={30},
  number={4},
  pages={1030-1081},
  year={2014},
}

@article{Hansen2011The,
  title={The model confidence set},
  author={Hansen, Peter R. and Lunde, Asger and Nason, James M.},
  journal={Econometrica},
  volume={79},
  number={2},
  pages={453-497},
  year={2011},
}

@article{Hyndman2000,
  title={A state space framework for automatic forecasting using exponential smoothing methods},
  author={Hyndman, Rob J. and Koehler, Anne B. and Snyder, Ralph D. and Grose, Simone},
  journal={Monash Econometrics & Business Statistics Working Papers},
  volume={18},
  number={3},
  pages={439-454},
  year={2000},
}

@article{Holt2004,
  title={Forecasting seasonals and trends by exponentially weighted moving averages},
  author={Holt, Charles C.},
  journal={International Journal of Forecasting},
  volume={20},
  number={1},
  pages={5-10},
  year={2004},
}

@article{Gardner2006,
  title={Exponential smoothing: The state of the art—Part II},
  author={Gardner, Everette S.},
  journal={International Journal of Forecasting},
  volume={22},
  number={4},
  pages={637-666},
  year={2006},
}

@article{Diebold2012,
  title={Better to give than to receive: Predictive directional measurement of volatility spillovers},
  author={Diebold, Francis X. and Yilmaz, Kamil},
  journal={International Journal of Forecasting},
  volume={28},
  number={1},
  pages={57-66},
  year={2012},
}

@article{Conejo2005,
  title={Forecasting electricity prices for a day-ahead pool-based electric energy market},
  author={Conejo, Antonio J. and Contreras, Javier and Espínola, Rosa and Plazas, Miguel A.},
  journal={International Journal of Forecasting},
  volume={21},
  number={3},
  pages={435-462},
  year={2005},
}

@article{Clark2006,
  title={Approximately normal tests for equal predictive accuracy in nested models},
  author={Clark, Todd E. and West, Kenneth D.},
  journal={Journal of Econometrics},
  volume={138},
  number={1},
  pages={291-311},
  year={2006},
}

@article{Booth2006,
  title={Demographic forecasting: 1980 to 2005 in review},
  author={Booth, Heather},
  journal={International Journal of Forecasting},
  volume={22},
  number={3},
  pages={547-581},
  year={2006},
}